@misc{Wiki:cookies,
title={{C}ookie},
howpublished={\url{https://it.wikipedia.org/wiki/Cookie}}
}
@misc{Cookiebot,
title={{GDPR} {C}ookies, {C}onsent and {C}ompliance},
howpublished={\url{https://www.cookiebot.com/en/gdpr-cookies/}}
}
@misc{MDN_Web_docs:cookies,
title={{D}ocument: cookie property},
howpublished={\url{https://developer.mozilla.org/en-US/docs/Web/API/Document/cookie}}
}
@misc{MDN_Web_docs:CHIPS,
title={{C}ookies {H}aving {i}ndependent {P}artitioned {S}tate ({CHIPS})},
howpublished={\url{https://developer.mozilla.org/en-US/docs/Web/Privacy/Guides/Privacy_sandbox/Partitioned_cookies}}
}
@misc{MDN_Web_docs:HTTP_cookies,
title={{Using HTTP cookies}},
howpublished={\url{https://developer.mozilla.org/en-US/docs/Web/HTTP/Guides/Cookies}}
}
@misc{W3Schools:cookies,
title={JavaScript Cookies},
howpublished={\url{https://www.w3schools.com/js/js_cookies.asp}}
}
@misc{Stack_overflow:samesite,
howpublished={{Prima} risposta al thread \textit{{"What is the difference between SameSite="Lax" and SameSite="Strict""}} di {Stack Overflow} \url{https://stackoverflow.com/questions/59990864/what-is-the-difference-between-samesite-lax-and-samesite-strict}}
}
@misc{MDN_Web_docs:storage_API,
title={{U}sing the {W}eb {S}torage {API}},
howpublished={\url{https://developer.mozilla.org/en-US/docs/Web/API/Web_Storage_API/Using_the_Web_Storage_API}}
}
@misc{MDN_Web_docs:localStorage,
title={{W}indow: local{S}torage property},
howpublished={\url{https://developer.mozilla.org/en-US/docs/Web/API/Window/localStorage}}
}
@misc{MDN_Web_docs:sessionStorage,
title={{W}indow: session{S}torage proprerty},
howpublished={\url{https://developer.mozilla.org/en-US/docs/Web/API/Window/sessionStorage}}
}